@article{adami2002complexity,
  title={What is complexity?},
  author={Adami, Christoph},
  journal={BioEssays},
  volume={24},
  number={12},
  pages={1085--1094},
  year={2002},
  publisher={Wiley Online Library}
}

@article{allen2015chloroplasts,
  title={Why chloroplasts and mitochondria retain their own genomes and genetic systems: colocation for redox regulation of gene expression},
  author={Allen, John F},
  journal={Proceedings of the National Academy of Sciences},
  volume={112},
  number={33},
  pages={10231--10238},
  year={2015},
  publisher={National Acad Sciences}
}

@article{biebricher2005error,
  title={The error threshold},
  author={Biebricher, Christof K and Eigen, Manfred},
  journal={Virus research},
  volume={107},
  number={2},
  pages={117--127},
  year={2005},
  publisher={Elsevier}
}

@inproceedings{bedau2008arrow,
  title={The arrow of complexity hypothesis.},
  author={Bedau, Mark A and ProtoLife, SRL},
  booktitle={ALIFE},
  pages={750},
  year={2008}
}

@phdthesis{bouthillier2020survey,
  title={Survey of machine-learning experimental methods at NeurIPS2019 and ICLR2020},
  author={Bouthillier, Xavier and Varoquaux, Ga{\"e}l},
  year={2020},
  school={Inria Saclay Ile de France}
}

@inproceedings{cairns1995complexity,
  title={The complexity ratchet},
  author={Cairns-Smith, A},
  booktitle={Progress in the Search for Extraterrestrial Life.},
  volume={74},
  pages={31},
  year={1995}
}

@article{cangelosi1994cell,
  title={Cell division and migration in a ‘genotype’for neural networks},
  author={Cangelosi, Angelo and Parisi, Domenico and Nolfi, Stefano},
  journal={Network: computation in neural systems},
  volume={5},
  number={4},
  pages={497--515},
  year={1994},
  publisher={Taylor \& Francis}
}

@inproceedings{cisneros2019evolving,
  title={Evolving Structures in Complex Systems},
  author={Cisneros, Hugo and Sivic, Josef and Mikolov, Tomas},
  booktitle={2019 IEEE Symposium Series on Computational Intelligence (SSCI)},
  pages={230--237},
  year={2019},
  organization={IEEE}
}

@inproceedings{cisneros2020visualizing,
  title={Visualizing computation in large-scale cellular automata},
  author={Cisneros, Hugo and Sivic, Josef and Mikolov, Tomas},
  booktitle={Artificial Life Conference Proceedings},
  pages={239--247},
  year={2020},
  organization={MIT Press}
}

@article{cook2004universality,
  title={Universality in elementary cellular automata},
  author={Cook, Matthew},
  journal={Complex systems},
  volume={15},
  number={1},
  pages={1--40},
  year={2004},
  publisher={[Champaign, IL, USA: Complex Systems Publications, Inc., c1987-}
}

@book{cover1999elements,
  title={Elements of information theory},
  author={Cover, Thomas M},
  year={1999},
  publisher={John Wiley \& Sons}
}

@article{crutchfield1989inferring,
  title={Inferring statistical complexity},
  author={Crutchfield, James P and Young, Karl},
  journal={Physical review letters},
  volume={63},
  number={2},
  pages={105},
  year={1989},
  publisher={APS}
}

@article{dawkins1988,
  title={The evolution of evolvability},
  author={Richard Dawkins},
  journal={Artificial Life, Volume I: Proceedings Of An Interdisciplinary Workshop On Synthesis And Simulation Of Living Systems},
  year={1988},
}

@book{dawkins1997climbing,
  title={Climbing mount improbable},
  author={Dawkins, Richard},
  year={1997},
  publisher={WW Norton \& Company}
}

@article{dennett2002new,
  title={The new replicators},
  author={Dennett, Daniel C},
  journal={The encyclopedia of evolution},
  volume={1},
  pages={E83--E92},
  year={2002}
}

@article{devlin2018bert,
  title={Bert: Pre-training of deep bidirectional transformers for language understanding},
  author={Devlin, Jacob and Chang, Ming-Wei and Lee, Kenton and Toutanova, Kristina},
  journal={arXiv preprint arXiv:1810.04805},
  year={2018}
}

@article{dittrich2001artificial,
  title={Artificial chemistries—a review},
  author={Dittrich, Peter and Ziegler, Jens and Banzhaf, Wolfgang},
  journal={Artificial life},
  volume={7},
  number={3},
  pages={225--275},
  year={2001},
  publisher={MIT Press}
}

@article{dolson2018,
    author = {Emily Dolson AND Anya Vostinar AND Charles Ofria},
    journal = {The Winnower},
    title = {What’s holding artificial life back from open-ended evolution?},
    year = {2018},
    month = {04},
    url = {https://dx.doi.org/10.15200/winn.152418.86598},
    doi = {10.15200/winn.152418.86598}
}

@article{eigen1971,
  title={Selforganization of matter and the evolution of biological macromolecules},
  author={Eigen, Manfred},
  journal={Naturwissenschaften},
  volume={58},
  number={10},
  pages={465--523},
  year={1971},
  publisher={Springer}
}

@article{fister2013brief,
  title={A brief review of nature-inspired algorithms for optimization},
  author={Fister Jr, Iztok and Yang, Xin-She and Fister, Iztok and Brest, Janez and Fister, Du{\v{s}}an},
  journal={arXiv preprint arXiv:1307.4186},
  year={2013}
}

@article{gell1996information,
  title={Information measures, effective complexity, and total information},
  author={Gell-Mann, Murray and Lloyd, Seth},
  journal={Complexity},
  volume={2},
  number={1},
  pages={44--52},
  year={1996},
  publisher={Wiley Online Library}
}

@incollection{gell2002complexity,
  title={What is complexity?},
  author={Gell-Mann, Murray},
  booktitle={Complexity and industrial clusters},
  pages={13--24},
  year={2002},
  publisher={Springer}
}

@inproceedings{goodfellow2014,
  title={Generative adversarial nets},
  author={Goodfellow, Ian J and Pouget-Abadie, Jean and Mirza, Mehdi and Xu, Bing and Warde-Farley, David and Ozair, Sherjil and Courville, Aaron and Bengio, Yoshua},
  booktitle={Proceedings of the 27th International Conference on Neural Information Processing Systems-Volume 2},
  pages={2672--2680},
  year={2014}
}

@book{gould1990wonderful,
  title={Wonderful life: the Burgess Shale and the nature of history},
  author={Gould, Stephen Jay},
  year={1990},
  publisher={WW Norton \& Company}
}

@book{gould1996full,
  title={Full house: The spread of excellence from Plato to Darwin},
  author={Gould, Stephen Jay},
  year={1996},
  publisher={Harvard University Press}
}

@article{grassberger1986toward,
  title={Toward a quantitative theory of self-generated complexity},
  author={Grassberger, Peter},
  journal={International Journal of Theoretical Physics},
  volume={25},
  number={9},
  pages={907--938},
  year={1986},
  publisher={Springer}
}

@inproceedings{gruau1993genetic,
  title={Genetic synthesis of modular neural networks},
  author={Gruau, Frederic},
  booktitle={Proceedings of the 5th International Conference on Genetic Algorithms},
  pages={318--325},
  year={1993}
}

@inproceedings{gruau1996comparison,
  title={A comparison between cellular encoding and direct encoding for genetic neural networks},
  author={Gruau, Frederic and Whitley, Darrell and Pyeatt, Larry},
  booktitle={Proceedings of the 1st annual conference on genetic programming},
  pages={81--89},
  year={1996}
}

@article{grosberg2007evolution,
  title={The evolution of multicellularity: a minor major transition?},
  author={Grosberg, Richard K and Strathmann, Richard R},
  journal={Annu. Rev. Ecol. Evol. Syst.},
  volume={38},
  pages={621--654},
  year={2007},
  publisher={Annual Reviews}
}

@article{guttenberg2019potential,
  title={On the potential for open-endedness in neural networks},
  author={Guttenberg, Nicholas and Virgo, Nathaniel and Penn, Alexandra},
  journal={Artificial life},
  volume={25},
  number={2},
  pages={145--167},
  year={2019},
  publisher={MIT Press}
}

@article{han1992megascopic,
  title={Megascopic eukaryotic algae from the 2.1-billion-year-old Negaunee Iron-Formation, Michigan},
  author={Han, Tsu-Ming and Runnegar, Bruce},
  journal={Science},
  volume={257},
  number={5067},
  pages={232--235},
  year={1992},
  publisher={American Association for the Advancement of Science}
}

@article{haenlein2019brief,
  title={A brief history of artificial intelligence: On the past, present, and future of artificial intelligence},
  author={Haenlein, Michael and Kaplan, Andreas},
  journal={California management review},
  volume={61},
  number={4},
  pages={5--14},
  year={2019},
  publisher={SAGE Publications Sage CA: Los Angeles, CA}
}

@article{hahn2002g,
  title={The {G}-value paradox},
  author={Hahn, Matthew W and Wray, Gregory A and others},
  journal={Evolution and Development},
  volume={4},
  number={2},
  pages={73--75},
  year={2002},
  publisher={Citeseer}
}

@article{hanson1997computational,
  title={Computational mechanics of cellular automata: An example},
  author={Hanson, James E and Crutchfield, James P},
  journal={Physica D: Nonlinear Phenomena},
  volume={103},
  number={1-4},
  pages={169--189},
  year={1997},
  publisher={Elsevier}
}

@article{hintze2019open,
  title={Open-endedness for the sake of open-endedness},
  author={Hintze, Arend},
  journal={Artificial life},
  volume={25},
  number={2},
  pages={198--206},
  year={2019},
  publisher={MIT Press}
}

@article{kolmogorov1965,
  title={Three approaches to the quantitative definition of information},
  author={Kolmogorov, Andrei N},
  journal={Problems of information transmission},
  volume={1},
  number={1},
  pages={1--7},
  year={1965}
}

@article{korb2011evolution,
  title={Evolution unbound: releasing the arrow of complexity},
  author={Korb, Kevin B and Dorin, Alan},
  journal={Biology \& philosophy},
  volume={26},
  number={3},
  pages={317--338},
  year={2011},
  publisher={Springer}
}

@article{labarbera1983wheels,
  title={Why the wheels won't go},
  author={LaBarbera, Michael},
  journal={The American Naturalist},
  volume={121},
  number={3},
  pages={395--408},
  year={1983},
  publisher={University of Chicago Press}
}

@book{lane2006power,
  title={Power, sex, suicide: mitochondria and the meaning of life},
  author={Lane, Nick},
  year={2006},
  publisher={Oxford University Press}
}

@article{lecun2016predictive,
  title={Predictive learning},
  author={LeCun, Yann},
  journal={Proc. Speech NeurIPS},
  year={2016}
}

@article{lloyd1988complexity,
  title={Complexity as thermodynamic depth},
  author={Lloyd, Seth and Pagels, Heinz},
  journal={Annals of physics},
  volume={188},
  number={1},
  pages={186--213},
  year={1988},
  publisher={Elsevier}
}

@article{lloyd2001measures,
  title={Measures of complexity: a nonexhaustive list},
  author={Lloyd, Seth},
  journal={IEEE Control Systems Magazine},
  volume={21},
  number={4},
  pages={7--8},
  year={2001}
}

@inproceedings{lu2020,
  title={12-in-1: Multi-task vision and language representation learning},
  author={Lu, Jiasen and Goswami, Vedanuj and Rohrbach, Marcus and Parikh, Devi and Lee, Stefan},
  booktitle={Proceedings of the IEEE/CVF Conference on Computer Vision and Pattern Recognition},
  pages={10437--10446},
  year={2020}
}

@article{martin1998hydrogen,
  title={The hydrogen hypothesis for the first eukaryote},
  author={Martin, William and M{\"u}ller, Mikl{\'o}s},
  journal={Nature},
  volume={392},
  number={6671},
  pages={37--41},
  year={1998},
  publisher={Nature Publishing Group}
}

@article{martinez2013note,
  title={A note on elementary cellular automata classification},
  author={Martinez, Genaro J},
  journal={arXiv preprint arXiv:1306.5577},
  year={2013}
}

@article{mcgill1954multivariate,
  title={Multivariate information transmission},
  author={McGill, William},
  journal={Transactions of the IRE Professional Group on Information Theory},
  volume={4},
  number={4},
  pages={93--111},
  year={1954},
  publisher={IEEE}
}

@article{mcshea1994mechanisms,
  title={Mechanisms of large-scale evolutionary trends},
  author={McShea, Daniel W},
  journal={Evolution},
  volume={48},
  number={6},
  pages={1747--1763},
  year={1994},
  publisher={Wiley Online Library}
}

@article{mcshea2001hierarchical,
  title={The hierarchical structure of organisms: a scale and documentation of a trend in the maximum},
  author={McShea, Daniel W},
  journal={Paleobiology},
  volume={27},
  number={2},
  pages={405--423},
  year={2001},
  publisher={Paleontological Society}
}

@incollection{miikkulainen2019,
  title={Evolving deep neural networks},
  author={Miikkulainen, Risto and Liang, Jason and Meyerson, Elliot and Rawal, Aditya and Fink, Daniel and Francon, Olivier and Raju, Bala and Shahrzad, Hormoz and Navruzyan, Arshak and Duffy, Nigel and others},
  booktitle={Artificial intelligence in the age of neural networks and brain computing},
  pages={293--312},
  year={2019},
  publisher={Elsevier}
}

@inproceedings{mikolov2016roadmap,
  title={A roadmap towards machine intelligence},
  author={Mikolov, Tomas and Joulin, Armand and Baroni, Marco},
  booktitle={International Conference on Intelligent Text Processing and Computational Linguistics},
  pages={29--61},
  year={2016},
  organization={Springer}
}

@inproceedings{miller1989,
  title={Designing Neural Networks using Genetic Algorithms.},
  author={Miller, Geoffrey F and Todd, Peter M and Hegde, Shailesh U},
  booktitle={ICGA},
  volume={89},
  pages={379--384},
  year={1989}
}

@book{mitchell1998,
  title={An introduction to genetic algorithms},
  author={Mitchell, Melanie},
  year={1998},
  publisher={MIT press}
}

@book{mitchell2009complexity,
  title={Complexity: A guided tour},
  author={Mitchell, Melanie},
  year={2009},
  publisher={Oxford University Press}
}

@inproceedings{moreno2018learning,
  title={Learning an evolvable genotype-phenotype mapping},
  author={Moreno, Matthew Andres and Banzhaf, Wolfgang and Ofria, Charles},
  booktitle={Proceedings of the Genetic and Evolutionary Computation Conference},
  pages={983--990},
  year={2018}
}

@book{morris2003life,
  title={Life's solution: inevitable humans in a lonely universe},
  author={Conway Morris, Simon},
  year={2003},
  publisher={Cambridge university press}
}

@book{neumann1966theory,
  title={Theory of self-reproducing automata},
  author={Neumann, J{\'a}nos and others},
  volume={1102024}
}

@article{ofria2004avida,
  title={Avida: A software platform for research in computational evolutionary biology},
  author={Ofria, Charles and Wilke, Claus O},
  journal={Artificial life},
  volume={10},
  number={2},
  pages={191--229},
  year={2004},
  publisher={MIT Press}
}

@article{packard1989intrinsic,
  title={Intrinsic adaptation in a simple model for evolution},
  author={Packard, Norman H},
  journal={Artificial life},
  volume={141},
  year={1989}
}

@book{pugh1977,
  title={The biological origin of human values},
  author={Pugh, George Edgin},
  year={1977},
  publisher={Basic Books}
}

@article{rasmussen2001ansatz,
  title={Ansatz for dynamical hierarchies},
  author={Rasmussen, Steen and Baas, Nils A and Mayer, Bernd and Nilsson, Martin},
  journal={Artificial life},
  volume={7},
  number={4},
  pages={329--353},
  year={2001},
  publisher={MIT Press}
}

@article{rasmussen1990coreworld,
  title={The coreworld: Emergence and evolution of cooperative structures in a computational chemistry},
  author={Rasmussen, Steen and Knudsen, Carsten and Feldberg, Rasmus and Hindsholm, Morten},
  journal={Physica D: Nonlinear Phenomena},
  volume={42},
  number={1-3},
  pages={111--134},
  year={1990},
  publisher={Elsevier}
}

@article{ray1991approach,
  title={An approach to the synthesis of life},
  author={Ray, Thomas S},
  journal={Artificial life II},
  volume={11},
  pages={371--408},
  year={1991},
  publisher={Redwood City}
}

@inproceedings{real2019,
  title={Regularized evolution for image classifier architecture search},
  author={Real, Esteban and Aggarwal, Alok and Huang, Yanping and Le, Quoc V},
  booktitle={Proceedings of the aaai conference on artificial intelligence},
  volume={33},
  number={01},
  pages={4780--4789},
  year={2019}
}

@book{sagan2012dragons,
  title={Dragons of Eden: Speculations on the evolution of human intelligence},
  author={Sagan, Carl},
  year={2012},
  publisher={Ballantine Books}
}

@article{sayama2019cardinality,
  title={Cardinality leap for open-ended evolution: Theoretical consideration and demonstration by Hash Chemistry},
  author={Sayama, Hiroki},
  journal={Artificial life},
  volume={25},
  number={2},
  pages={104--116},
  year={2019},
  publisher={MIT Press}
}

@article{schaal1999imitation,
  title={Is imitation learning the route to humanoid robots?},
  author={Schaal, Stefan},
  journal={Trends in cognitive sciences},
  volume={3},
  number={6},
  pages={233--242},
  year={1999},
  publisher={Elsevier}
}

@book{schrodinger1944,
  title={What is life?: With mind and matter and autobiographical sketches},
  author={Schr{\"o}dinger, Erwin},
  year={1944},
  publisher={Cambridge University Press}
}

@article{shalizi2004quantifying,
  title={Quantifying self-organization with optimal predictors},
  author={Shalizi, Cosma Rohilla and Shalizi, Kristina Lisa and Haslinger, Robert},
  journal={Physical review letters},
  volume={93},
  number={11},
  pages={118701},
  year={2004},
  publisher={APS}
}

@article{shannon1948,
  title={A mathematical theory of communication},
  author={Shannon, Claude E},
  journal={The Bell system technical journal},
  volume={27},
  number={3},
  pages={379--423},
  year={1948},
  publisher={Nokia Bell Labs}
}

@article{silver2018,
  title={A general reinforcement learning algorithm that masters chess, shogi, and Go through self-play},
  author={Silver, David and Hubert, Thomas and Schrittwieser, Julian and Antonoglou, Ioannis and Lai, Matthew and Guez, Arthur and Lanctot, Marc and Sifre, Laurent and Kumaran, Dharshan and Graepel, Thore and others},
  journal={Science},
  volume={362},
  number={6419},
  pages={1140--1144},
  year={2018},
  publisher={American Association for the Advancement of Science}
}

@incollection{simon1991architecture,
  title={The architecture of complexity},
  author={Simon, Herbert A},
  booktitle={Facets of systems science},
  pages={457--476},
  year={1991},
  publisher={Springer}
}

@book{smith1997major,
  title={The major transitions in evolution},
  author={Smith, John Maynard and Szathmary, Eors},
  year={1997},
  publisher={Oxford University Press}
}

@article{solomonoff1964,
  title={A formal theory of inductive inference. Part I},
  author={Solomonoff, Ray J},
  journal={Information and control},
  volume={7},
  number={1},
  pages={1--22},
  year={1964},
  publisher={Elsevier}
}

@article{stanley2002evolving,
  title={Evolving neural networks through augmenting topologies},
  author={Stanley, Kenneth O and Miikkulainen, Risto},
  journal={Evolutionary computation},
  volume={10},
  number={2},
  pages={99--127},
  year={2002},
  publisher={MIT Press}
}

@article{stanley2007compositional,
  title={Compositional pattern producing networks: A novel abstraction of development},
  author={Stanley, Kenneth O},
  journal={Genetic programming and evolvable machines},
  volume={8},
  number={2},
  pages={131--162},
  year={2007},
  publisher={Springer}
}

@article{stanley2009hypercube,
  title={A hypercube-based encoding for evolving large-scale neural networks},
  author={Stanley, Kenneth O and D'Ambrosio, David B and Gauci, Jason},
  journal={Artificial life},
  volume={15},
  number={2},
  pages={185--212},
  year={2009},
  publisher={MIT Press}
}

@article{stanley2017open,
  title={Open-endedness: The last grand challenge you’ve never heard of},
  author={Stanley, Kenneth O and Lehman, Joel and Soros, Lisa},
  year={2017}
}

@article{taylor2019evolutionary,
  title={Evolutionary innovations and where to find them: Routes to open-ended evolution in natural and artificial systems},
  author={Taylor, Tim},
  journal={Artificial life},
  volume={25},
  number={2},
  pages={207--224},
  year={2019},
  publisher={MIT Press}
}

@inproceedings{taylor2020importance,
  title={The Importance of Open-Endedness (for the Sake of Open-Endedness)},
  author={Taylor, Tim},
  booktitle={Artificial Life Conference Proceedings},
  pages={578--580},
  year={2020},
  organization={MIT Press}
}

@article{tesauro1995temporal,
  title={Temporal difference learning and TD-Gammon},
  author={Tesauro, Gerald},
  journal={Communications of the ACM},
  volume={38},
  number={3},
  pages={58--68},
  year={1995}
}

@misc{tesler,
  author = {Larry Tesler},
  title = {CV: Adages \& Coinages},
  howpublished = {\url{http://www.nomodes.com/Larry_Tesler_Consulting/Adages_and_Coinages.html}}
}

@article{thomas1971,
  author = {Thomas, C. A.},
  title = {The Genetic Organization of Chromosomes},
  journal = {Annual Review of Genetics},
  volume = {5},
  number = {1},
  pages = {237-256},
  year = {1971},
}

@article{van1973new,
  title={A new evolutionary law.},
  author={Van Valen, L},
  year={1973}
}

@book{wallace2005statistical,
  title={Statistical and inductive inference by minimum message length},
  author={Wallace, Christopher S},
  year={2005},
  publisher={Springer Science \& Business Media}
}

@inproceedings{wang2018glue,
    title = {{GLUE}: A Multi-Task Benchmark and Analysis Platform for Natural Language Understanding},
    author = {Wang, Alex  and
      Singh, Amanpreet  and
      Michael, Julian  and
      Hill, Felix  and
      Levy, Omer  and
      Bowman, Samuel},
    booktitle = {Proceedings of the 2018 {EMNLP} Workshop {B}lackbox{NLP}: Analyzing and Interpreting Neural Networks for {NLP}},
    year = {2018},
    publisher = {Association for Computational Linguistics},
    pages = "353--355",
}

@article{wiesner2019measuring,
  title={Measuring complexity},
  author={Wiesner, Karoline and Ladyman, James},
  journal={arXiv preprint arXiv:1909.13243},
  year={2019}
}

@article{wolfram1983,
  title={Statistical mechanics of cellular automata},
  author={Wolfram, Stephen},
  journal={Reviews of modern physics},
  volume={55},
  number={3},
  pages={601},
  year={1983},
  publisher={APS}
}

@book{wolfram2002new,
  title={A new kind of science},
  author={Wolfram, Stephen},
  volume={5},
  year={2002},
  publisher={Wolfram media Champaign, IL}
}

@article{zenil2010,
  title = {Compression-Based Investigation of the Dynamical Properties of Cellular Automata and Other Systems},
  volume = {19},
  number = {1},
  journal = {Complex Systems},
  author = {Zenil, Hector},
  year = {2010},
}
